%YAML 1.1
%TAG !u! tag:unity3d.com,2011:
--- !u!29 &1
OcclusionCullingSettings:
  m_ObjectHideFlags: 0
  serializedVersion: 2
  m_OcclusionBakeSettings:
    smallestOccluder: 5
    smallestHole: 0.25
    backfaceThreshold: 100
  m_SceneGUID: 00000000000000000000000000000000
  m_OcclusionCullingData: {fileID: 0}
--- !u!104 &2
RenderSettings:
  m_ObjectHideFlags: 0
  serializedVersion: 9
  m_Fog: 0
  m_FogColor: {r: 0.5, g: 0.5, b: 0.5, a: 1}
  m_FogMode: 3
  m_FogDensity: 0.01
  m_LinearFogStart: 0
  m_LinearFogEnd: 300
  m_AmbientSkyColor: {r: 0.212, g: 0.227, b: 0.259, a: 1}
  m_AmbientEquatorColor: {r: 0.114, g: 0.125, b: 0.133, a: 1}
  m_AmbientGroundColor: {r: 0.047, g: 0.043, b: 0.035, a: 1}
  m_AmbientIntensity: 1
  m_AmbientMode: 0
  m_SubtractiveShadowColor: {r: 0.42, g: 0.478, b: 0.627, a: 1}
  m_SkyboxMaterial: {fileID: 10304, guid: 0000000000000000f000000000000000, type: 0}
  m_HaloStrength: 0.5
  m_FlareStrength: 1
  m_FlareFadeSpeed: 3
  m_HaloTexture: {fileID: 0}
  m_SpotCookie: {fileID: 10001, guid: 0000000000000000e000000000000000, type: 0}
  m_DefaultReflectionMode: 0
  m_DefaultReflectionResolution: 128
  m_ReflectionBounces: 1
  m_ReflectionIntensity: 1
  m_CustomReflection: {fileID: 0}
  m_Sun: {fileID: 0}
  m_IndirectSpecularColor: {r: 0.44657868, g: 0.49641263, b: 0.57481706, a: 1}
  m_UseRadianceAmbientProbe: 0
--- !u!157 &3
LightmapSettings:
  m_ObjectHideFlags: 0
  serializedVersion: 11
  m_GIWorkflowMode: 0
  m_GISettings:
    serializedVersion: 2
    m_BounceScale: 1
    m_IndirectOutputScale: 1
    m_AlbedoBoost: 1
    m_EnvironmentLightingMode: 0
    m_EnableBakedLightmaps: 1
    m_EnableRealtimeLightmaps: 1
  m_LightmapEditorSettings:
    serializedVersion: 10
    m_Resolution: 2
    m_BakeResolution: 40
    m_AtlasSize: 1024
    m_AO: 0
    m_AOMaxDistance: 1
    m_CompAOExponent: 1
    m_CompAOExponentDirect: 0
    m_Padding: 2
    m_LightmapParameters: {fileID: 0}
    m_LightmapsBakeMode: 1
    m_TextureCompression: 1
    m_FinalGather: 0
    m_FinalGatherFiltering: 1
    m_FinalGatherRayCount: 256
    m_ReflectionCompression: 2
    m_MixedBakeMode: 2
    m_BakeBackend: 1
    m_PVRSampling: 1
    m_PVRDirectSampleCount: 32
    m_PVRSampleCount: 500
    m_PVRBounces: 2
    m_PVRFilterTypeDirect: 0
    m_PVRFilterTypeIndirect: 0
    m_PVRFilterTypeAO: 0
    m_PVRFilteringMode: 1
    m_PVRCulling: 1
    m_PVRFilteringGaussRadiusDirect: 1
    m_PVRFilteringGaussRadiusIndirect: 5
    m_PVRFilteringGaussRadiusAO: 2
    m_PVRFilteringAtrousPositionSigmaDirect: 0.5
    m_PVRFilteringAtrousPositionSigmaIndirect: 2
    m_PVRFilteringAtrousPositionSigmaAO: 1
    m_ShowResolutionOverlay: 1
  m_LightingDataAsset: {fileID: 0}
  m_UseShadowmask: 1
--- !u!196 &4
NavMeshSettings:
  serializedVersion: 2
  m_ObjectHideFlags: 0
  m_BuildSettings:
    serializedVersion: 2
    agentTypeID: 0
    agentRadius: 0.5
    agentHeight: 2
    agentSlope: 45
    agentClimb: 0.4
    ledgeDropHeight: 0
    maxJumpAcrossDistance: 0
    minRegionArea: 2
    manualCellSize: 0
    cellSize: 0.16666667
    manualTileSize: 0
    tileSize: 256
    accuratePlacement: 0
    debug:
      m_Flags: 0
  m_NavMeshData: {fileID: 0}
--- !u!1001 &87376114
PrefabInstance:
  m_ObjectHideFlags: 0
  serializedVersion: 2
  m_Modification:
    m_TransformParent: {fileID: 1364162794}
    m_Modifications:
    - target: {fileID: 281390032256949859, guid: 547f016328baa49318483257d3987df9,
        type: 3}
      propertyPath: m_LocalPosition.x
      value: 7
      objectReference: {fileID: 0}
    - target: {fileID: 281390032256949859, guid: 547f016328baa49318483257d3987df9,
        type: 3}
      propertyPath: m_LocalPosition.y
      value: -0.44236493
      objectReference: {fileID: 0}
    - target: {fileID: 281390032256949859, guid: 547f016328baa49318483257d3987df9,
        type: 3}
      propertyPath: m_LocalPosition.z
      value: 0
      objectReference: {fileID: 0}
    - target: {fileID: 281390032256949859, guid: 547f016328baa49318483257d3987df9,
        type: 3}
      propertyPath: m_LocalRotation.x
      value: -0
      objectReference: {fileID: 0}
    - target: {fileID: 281390032256949859, guid: 547f016328baa49318483257d3987df9,
        type: 3}
      propertyPath: m_LocalRotation.y
      value: -0
      objectReference: {fileID: 0}
    - target: {fileID: 281390032256949859, guid: 547f016328baa49318483257d3987df9,
        type: 3}
      propertyPath: m_LocalRotation.z
      value: -0
      objectReference: {fileID: 0}
    - target: {fileID: 281390032256949859, guid: 547f016328baa49318483257d3987df9,
        type: 3}
      propertyPath: m_LocalRotation.w
      value: 1
      objectReference: {fileID: 0}
    - target: {fileID: 281390032256949859, guid: 547f016328baa49318483257d3987df9,
        type: 3}
      propertyPath: m_RootOrder
      value: 2
      objectReference: {fileID: 0}
    - target: {fileID: 281390032256949859, guid: 547f016328baa49318483257d3987df9,
        type: 3}
      propertyPath: m_LocalEulerAnglesHint.x
      value: 0
      objectReference: {fileID: 0}
    - target: {fileID: 281390032256949859, guid: 547f016328baa49318483257d3987df9,
        type: 3}
      propertyPath: m_LocalEulerAnglesHint.y
      value: 0
      objectReference: {fileID: 0}
    - target: {fileID: 281390032256949859, guid: 547f016328baa49318483257d3987df9,
        type: 3}
      propertyPath: m_LocalEulerAnglesHint.z
      value: 0
      objectReference: {fileID: 0}
    - target: {fileID: 8223377641570048599, guid: 547f016328baa49318483257d3987df9,
        type: 3}
      propertyPath: m_Name
      value: Straight2 (4)
      objectReference: {fileID: 0}
    m_RemovedComponents: []
  m_SourcePrefab: {fileID: 100100000, guid: 547f016328baa49318483257d3987df9, type: 3}
--- !u!4 &87376115 stripped
Transform:
  m_CorrespondingSourceObject: {fileID: 281390032256949859, guid: 547f016328baa49318483257d3987df9,
    type: 3}
  m_PrefabInstance: {fileID: 87376114}
  m_PrefabAsset: {fileID: 0}
--- !u!1 &140452549
GameObject:
  m_ObjectHideFlags: 0
  m_CorrespondingSourceObject: {fileID: 0}
  m_PrefabInstance: {fileID: 0}
  m_PrefabAsset: {fileID: 0}
  serializedVersion: 6
  m_Component:
  - component: {fileID: 140452553}
  - component: {fileID: 140452552}
  - component: {fileID: 140452551}
  - component: {fileID: 140452550}
  m_Layer: 9
  m_Name: Floor
  m_TagString: RaycastFloor
  m_Icon: {fileID: 0}
  m_NavMeshLayer: 0
  m_StaticEditorFlags: 0
  m_IsActive: 1
--- !u!65 &140452550
BoxCollider:
  m_ObjectHideFlags: 0
  m_CorrespondingSourceObject: {fileID: 0}
  m_PrefabInstance: {fileID: 0}
  m_PrefabAsset: {fileID: 0}
  m_GameObject: {fileID: 140452549}
  m_Material: {fileID: 0}
  m_IsTrigger: 0
  m_Enabled: 1
  serializedVersion: 2
  m_Size: {x: 1, y: 1, z: 1}
  m_Center: {x: 0, y: 0, z: 0}
--- !u!23 &140452551
MeshRenderer:
  m_ObjectHideFlags: 0
  m_CorrespondingSourceObject: {fileID: 0}
  m_PrefabInstance: {fileID: 0}
  m_PrefabAsset: {fileID: 0}
  m_GameObject: {fileID: 140452549}
  m_Enabled: 0
  m_CastShadows: 1
  m_ReceiveShadows: 1
  m_DynamicOccludee: 1
  m_MotionVectors: 1
  m_LightProbeUsage: 1
  m_ReflectionProbeUsage: 1
  m_RenderingLayerMask: 1
  m_RendererPriority: 0
  m_Materials:
  - {fileID: 10303, guid: 0000000000000000f000000000000000, type: 0}
  m_StaticBatchInfo:
    firstSubMesh: 0
    subMeshCount: 0
  m_StaticBatchRoot: {fileID: 0}
  m_ProbeAnchor: {fileID: 0}
  m_LightProbeVolumeOverride: {fileID: 0}
  m_ScaleInLightmap: 1
  m_PreserveUVs: 0
  m_IgnoreNormalsForChartDetection: 0
  m_ImportantGI: 0
  m_StitchLightmapSeams: 0
  m_SelectedEditorRenderState: 3
  m_MinimumChartSize: 4
  m_AutoUVMaxDistance: 0.5
  m_AutoUVMaxAngle: 89
  m_LightmapParameters: {fileID: 0}
  m_SortingLayerID: 0
  m_SortingLayer: 0
  m_SortingOrder: 0
--- !u!33 &140452552
MeshFilter:
  m_ObjectHideFlags: 0
  m_CorrespondingSourceObject: {fileID: 0}
  m_PrefabInstance: {fileID: 0}
  m_PrefabAsset: {fileID: 0}
  m_GameObject: {fileID: 140452549}
  m_Mesh: {fileID: 10202, guid: 0000000000000000e000000000000000, type: 0}
--- !u!4 &140452553
Transform:
  m_ObjectHideFlags: 0
  m_CorrespondingSourceObject: {fileID: 0}
  m_PrefabInstance: {fileID: 0}
  m_PrefabAsset: {fileID: 0}
  m_GameObject: {fileID: 140452549}
  m_LocalRotation: {x: 0, y: 0, z: 0, w: 1}
  m_LocalPosition: {x: 3.5, y: 0, z: 3.5}
  m_LocalScale: {x: 8, y: 0.1, z: 8}
  m_Children: []
  m_Father: {fileID: 0}
  m_RootOrder: 2
  m_LocalEulerAnglesHint: {x: 0, y: 0, z: 0}
--- !u!1 &280926016
GameObject:
  m_ObjectHideFlags: 0
  m_CorrespondingSourceObject: {fileID: 0}
  m_PrefabInstance: {fileID: 0}
  m_PrefabAsset: {fileID: 0}
  serializedVersion: 6
  m_Component:
  - component: {fileID: 280926018}
  - component: {fileID: 280926017}
  m_Layer: 0
  m_Name: RobotController
  m_TagString: Untagged
  m_Icon: {fileID: 0}
  m_NavMeshLayer: 0
  m_StaticEditorFlags: 0
  m_IsActive: 1
--- !u!114 &280926017
MonoBehaviour:
  m_ObjectHideFlags: 0
  m_CorrespondingSourceObject: {fileID: 0}
  m_PrefabInstance: {fileID: 0}
  m_PrefabAsset: {fileID: 0}
  m_GameObject: {fileID: 280926016}
  m_Enabled: 1
  m_EditorHideFlags: 0
  m_Script: {fileID: 11500000, guid: 79fb27ebb5cca874bbd16336eb0bfb20, type: 3}
  m_Name: 
  m_EditorClassIdentifier: 
--- !u!4 &280926018
Transform:
  m_ObjectHideFlags: 0
  m_CorrespondingSourceObject: {fileID: 0}
  m_PrefabInstance: {fileID: 0}
  m_PrefabAsset: {fileID: 0}
  m_GameObject: {fileID: 280926016}
  m_LocalRotation: {x: 0, y: 0, z: 0, w: 1}
  m_LocalPosition: {x: 0, y: 0, z: 0}
  m_LocalScale: {x: 1, y: 1, z: 1}
  m_Children: []
  m_Father: {fileID: 0}
  m_RootOrder: 4
  m_LocalEulerAnglesHint: {x: 0, y: 0, z: 0}
--- !u!1 &284878976
GameObject:
  m_ObjectHideFlags: 0
  m_CorrespondingSourceObject: {fileID: 0}
  m_PrefabInstance: {fileID: 0}
  m_PrefabAsset: {fileID: 0}
  serializedVersion: 6
  m_Component:
  - component: {fileID: 284878979}
  - component: {fileID: 284878977}
  m_Layer: 0
  m_Name: GridController
  m_TagString: GameController
  m_Icon: {fileID: 0}
  m_NavMeshLayer: 0
  m_StaticEditorFlags: 0
  m_IsActive: 1
--- !u!114 &284878977
MonoBehaviour:
  m_ObjectHideFlags: 0
  m_CorrespondingSourceObject: {fileID: 0}
  m_PrefabInstance: {fileID: 0}
  m_PrefabAsset: {fileID: 0}
  m_GameObject: {fileID: 284878976}
  m_Enabled: 1
  m_EditorHideFlags: 0
  m_Script: {fileID: 11500000, guid: 49ea357a536d90a48863b0937483eff6, type: 3}
  m_Name: 
  m_EditorClassIdentifier: 
  selectableTilePrefabs:
  - {fileID: 8901116534554619095, guid: 27283facaadd44ccc8858e5fe3ac0280, type: 3}
  - {fileID: 6422876205648721014, guid: e4c092b9f64d748c08ccba44ab6101a1, type: 3}
  - {fileID: 5390166019321015541, guid: c9ebefff561494973bcd6a0fa3310ff4, type: 3}
  - {fileID: 1396335263962306386, guid: 96c0c1ca47b1f4ba4846cd62eb98e1f3, type: 3}
  - {fileID: 3695313964522910917, guid: c2e17724f13914f9e9f55a7c2b097312, type: 3}
  - {fileID: 8223377641570048599, guid: 547f016328baa49318483257d3987df9, type: 3}
  - {fileID: 6633095928037434560, guid: 548ea7705bff24431b6d7caacd0d340d, type: 3}
  - {fileID: 7520377237793691280, guid: 66b664b1a4aff4d32a4770f30fe44db2, type: 3}
  - {fileID: 1899141515485018108, guid: a1d44730643c4458ab638b4d0b65bb54, type: 3}
  - {fileID: 2188573890102807037, guid: 7e83abff3c8a541f5814dd553dd180e5, type: 3}
  - {fileID: 4451280714400858472, guid: 646bcf28f2789490cb6c693dc9d30036, type: 3}
  - {fileID: 7289908553144904100, guid: 314642dd4ece746a3bda6d201e8114e7, type: 3}
  tileRepairPrefabs:
  - {fileID: 8901116534554619095, guid: 27283facaadd44ccc8858e5fe3ac0280, type: 3}
  - {fileID: 6422876205648721014, guid: e4c092b9f64d748c08ccba44ab6101a1, type: 3}
  - {fileID: 5390166019321015541, guid: c9ebefff561494973bcd6a0fa3310ff4, type: 3}
  - {fileID: 1396335263962306386, guid: 96c0c1ca47b1f4ba4846cd62eb98e1f3, type: 3}
  - {fileID: 3695313964522910917, guid: c2e17724f13914f9e9f55a7c2b097312, type: 3}
  - {fileID: 8223377641570048599, guid: 547f016328baa49318483257d3987df9, type: 3}
  - {fileID: 6633095928037434560, guid: 548ea7705bff24431b6d7caacd0d340d, type: 3}
  - {fileID: 7520377237793691280, guid: 66b664b1a4aff4d32a4770f30fe44db2, type: 3}
  - {fileID: 1899141515485018108, guid: a1d44730643c4458ab638b4d0b65bb54, type: 3}
  - {fileID: 2188573890102807037, guid: 7e83abff3c8a541f5814dd553dd180e5, type: 3}
  - {fileID: 4451280714400858472, guid: 646bcf28f2789490cb6c693dc9d30036, type: 3}
  - {fileID: 7289908553144904100, guid: 314642dd4ece746a3bda6d201e8114e7, type: 3}
  - {fileID: 3670602324652328882, guid: 4da8fe5f6a785401b85c57484afd4799, type: 3}
  - {fileID: 5290896300810598283, guid: a8f65fae146dc4b9ab6e60eac15a3e80, type: 3}
  - {fileID: 5244504845270233472, guid: 5ab3420c15b234e02a7d9bff05df3089, type: 3}
  - {fileID: 1947605137624889586, guid: e39d08d6084e642e6959d0f50468789f, type: 3}
  width: 8
  height: 8
  DebugMarker: {fileID: 0}
  strictPlacement: 1
  RandomInit: 1
--- !u!4 &284878979
Transform:
  m_ObjectHideFlags: 0
  m_CorrespondingSourceObject: {fileID: 0}
  m_PrefabInstance: {fileID: 0}
  m_PrefabAsset: {fileID: 0}
  m_GameObject: {fileID: 284878976}
  m_LocalRotation: {x: 0, y: 0, z: 0, w: 1}
  m_LocalPosition: {x: 4, y: 0, z: 4}
  m_LocalScale: {x: 1, y: 1, z: 1}
  m_Children: []
  m_Father: {fileID: 0}
  m_RootOrder: 3
  m_LocalEulerAnglesHint: {x: 0, y: 0, z: 0}
--- !u!1001 &352279838
PrefabInstance:
  m_ObjectHideFlags: 0
  serializedVersion: 2
  m_Modification:
    m_TransformParent: {fileID: 0}
    m_Modifications:
    - target: {fileID: 5073930431891305729, guid: b0fe5aa7652414dd9880b02823a128ce,
        type: 3}
      propertyPath: m_LocalPosition.x
      value: 0
      objectReference: {fileID: 0}
    - target: {fileID: 5073930431891305729, guid: b0fe5aa7652414dd9880b02823a128ce,
        type: 3}
      propertyPath: m_LocalPosition.y
      value: 0
      objectReference: {fileID: 0}
    - target: {fileID: 5073930431891305729, guid: b0fe5aa7652414dd9880b02823a128ce,
        type: 3}
      propertyPath: m_LocalPosition.z
      value: 0
      objectReference: {fileID: 0}
    - target: {fileID: 5073930431891305729, guid: b0fe5aa7652414dd9880b02823a128ce,
        type: 3}
      propertyPath: m_LocalRotation.x
      value: 0
      objectReference: {fileID: 0}
    - target: {fileID: 5073930431891305729, guid: b0fe5aa7652414dd9880b02823a128ce,
        type: 3}
      propertyPath: m_LocalRotation.y
      value: 0
      objectReference: {fileID: 0}
    - target: {fileID: 5073930431891305729, guid: b0fe5aa7652414dd9880b02823a128ce,
        type: 3}
      propertyPath: m_LocalRotation.z
      value: 0
      objectReference: {fileID: 0}
    - target: {fileID: 5073930431891305729, guid: b0fe5aa7652414dd9880b02823a128ce,
        type: 3}
      propertyPath: m_LocalRotation.w
      value: 1
      objectReference: {fileID: 0}
    - target: {fileID: 5073930431891305729, guid: b0fe5aa7652414dd9880b02823a128ce,
        type: 3}
      propertyPath: m_RootOrder
      value: 13
      objectReference: {fileID: 0}
    - target: {fileID: 5073930431891305729, guid: b0fe5aa7652414dd9880b02823a128ce,
        type: 3}
      propertyPath: m_LocalEulerAnglesHint.x
      value: 0
      objectReference: {fileID: 0}
    - target: {fileID: 5073930431891305729, guid: b0fe5aa7652414dd9880b02823a128ce,
        type: 3}
      propertyPath: m_LocalEulerAnglesHint.y
      value: 0
      objectReference: {fileID: 0}
    - target: {fileID: 5073930431891305729, guid: b0fe5aa7652414dd9880b02823a128ce,
        type: 3}
      propertyPath: m_LocalEulerAnglesHint.z
      value: 0
      objectReference: {fileID: 0}
    - target: {fileID: 5073930431891305729, guid: b0fe5aa7652414dd9880b02823a128ce,
        type: 3}
      propertyPath: m_AnchoredPosition.x
      value: 0
      objectReference: {fileID: 0}
    - target: {fileID: 5073930431891305729, guid: b0fe5aa7652414dd9880b02823a128ce,
        type: 3}
      propertyPath: m_AnchoredPosition.y
      value: 0
      objectReference: {fileID: 0}
    - target: {fileID: 5073930431891305729, guid: b0fe5aa7652414dd9880b02823a128ce,
        type: 3}
      propertyPath: m_SizeDelta.x
      value: 0
      objectReference: {fileID: 0}
    - target: {fileID: 5073930431891305729, guid: b0fe5aa7652414dd9880b02823a128ce,
        type: 3}
      propertyPath: m_SizeDelta.y
      value: 0
      objectReference: {fileID: 0}
    - target: {fileID: 5073930431891305729, guid: b0fe5aa7652414dd9880b02823a128ce,
        type: 3}
      propertyPath: m_AnchorMin.x
      value: 0
      objectReference: {fileID: 0}
    - target: {fileID: 5073930431891305729, guid: b0fe5aa7652414dd9880b02823a128ce,
        type: 3}
      propertyPath: m_AnchorMin.y
      value: 0
      objectReference: {fileID: 0}
    - target: {fileID: 5073930431891305729, guid: b0fe5aa7652414dd9880b02823a128ce,
        type: 3}
      propertyPath: m_AnchorMax.x
      value: 0
      objectReference: {fileID: 0}
    - target: {fileID: 5073930431891305729, guid: b0fe5aa7652414dd9880b02823a128ce,
        type: 3}
      propertyPath: m_AnchorMax.y
      value: 0
      objectReference: {fileID: 0}
    - target: {fileID: 5073930431891305729, guid: b0fe5aa7652414dd9880b02823a128ce,
        type: 3}
      propertyPath: m_Pivot.x
      value: 0
      objectReference: {fileID: 0}
    - target: {fileID: 5073930431891305729, guid: b0fe5aa7652414dd9880b02823a128ce,
        type: 3}
      propertyPath: m_Pivot.y
      value: 0
      objectReference: {fileID: 0}
    - target: {fileID: 5073930431891305732, guid: b0fe5aa7652414dd9880b02823a128ce,
        type: 3}
      propertyPath: m_Name
      value: LevelUI
      objectReference: {fileID: 0}
    m_RemovedComponents:
    - {fileID: 5073930431891305733, guid: b0fe5aa7652414dd9880b02823a128ce, type: 3}
  m_SourcePrefab: {fileID: 100100000, guid: b0fe5aa7652414dd9880b02823a128ce, type: 3}
--- !u!1 &365407575
GameObject:
  m_ObjectHideFlags: 0
  m_CorrespondingSourceObject: {fileID: 0}
  m_PrefabInstance: {fileID: 0}
  m_PrefabAsset: {fileID: 0}
  serializedVersion: 6
  m_Component:
  - component: {fileID: 365407577}
  - component: {fileID: 365407576}
  m_Layer: 0
  m_Name: Directional Light
  m_TagString: Untagged
  m_Icon: {fileID: 0}
  m_NavMeshLayer: 0
  m_StaticEditorFlags: 0
  m_IsActive: 1
--- !u!108 &365407576
Light:
  m_ObjectHideFlags: 0
  m_CorrespondingSourceObject: {fileID: 0}
  m_PrefabInstance: {fileID: 0}
  m_PrefabAsset: {fileID: 0}
  m_GameObject: {fileID: 365407575}
  m_Enabled: 1
  serializedVersion: 8
  m_Type: 1
  m_Color: {r: 1, g: 0.95686275, b: 0.8392157, a: 1}
  m_Intensity: 1
  m_Range: 10
  m_SpotAngle: 30
  m_CookieSize: 10
  m_Shadows:
    m_Type: 2
    m_Resolution: -1
    m_CustomResolution: -1
    m_Strength: 1
    m_Bias: 0.05
    m_NormalBias: 0.4
    m_NearPlane: 0.2
  m_Cookie: {fileID: 0}
  m_DrawHalo: 0
  m_Flare: {fileID: 0}
  m_RenderMode: 0
  m_CullingMask:
    serializedVersion: 2
    m_Bits: 4294967295
  m_Lightmapping: 4
  m_LightShadowCasterMode: 0
  m_AreaSize: {x: 1, y: 1}
  m_BounceIntensity: 1
  m_ColorTemperature: 6570
  m_UseColorTemperature: 0
  m_ShadowRadius: 0
  m_ShadowAngle: 0
--- !u!4 &365407577
Transform:
  m_ObjectHideFlags: 0
  m_CorrespondingSourceObject: {fileID: 0}
  m_PrefabInstance: {fileID: 0}
  m_PrefabAsset: {fileID: 0}
  m_GameObject: {fileID: 365407575}
  m_LocalRotation: {x: 0.40821788, y: -0.23456968, z: 0.10938163, w: 0.8754261}
  m_LocalPosition: {x: 0, y: 3, z: 0}
  m_LocalScale: {x: 1, y: 1, z: 1}
  m_Children: []
  m_Father: {fileID: 0}
  m_RootOrder: 1
  m_LocalEulerAnglesHint: {x: 50, y: -30, z: 0}
--- !u!1001 &399858494
PrefabInstance:
  m_ObjectHideFlags: 0
  serializedVersion: 2
  m_Modification:
    m_TransformParent: {fileID: 0}
    m_Modifications:
    - target: {fileID: 5907835823180530032, guid: f249f25275fbe4eacbd2f82c0d270358,
        type: 3}
      propertyPath: m_LocalPosition.x
      value: 0
      objectReference: {fileID: 0}
    - target: {fileID: 5907835823180530032, guid: f249f25275fbe4eacbd2f82c0d270358,
        type: 3}
      propertyPath: m_LocalPosition.y
      value: 0
      objectReference: {fileID: 0}
    - target: {fileID: 5907835823180530032, guid: f249f25275fbe4eacbd2f82c0d270358,
        type: 3}
      propertyPath: m_LocalPosition.z
      value: 0
      objectReference: {fileID: 0}
    - target: {fileID: 5907835823180530032, guid: f249f25275fbe4eacbd2f82c0d270358,
        type: 3}
      propertyPath: m_LocalRotation.x
      value: 0
      objectReference: {fileID: 0}
    - target: {fileID: 5907835823180530032, guid: f249f25275fbe4eacbd2f82c0d270358,
        type: 3}
      propertyPath: m_LocalRotation.y
      value: 0
      objectReference: {fileID: 0}
    - target: {fileID: 5907835823180530032, guid: f249f25275fbe4eacbd2f82c0d270358,
        type: 3}
      propertyPath: m_LocalRotation.z
      value: 0
      objectReference: {fileID: 0}
    - target: {fileID: 5907835823180530032, guid: f249f25275fbe4eacbd2f82c0d270358,
        type: 3}
      propertyPath: m_LocalRotation.w
      value: 1
      objectReference: {fileID: 0}
    - target: {fileID: 5907835823180530032, guid: f249f25275fbe4eacbd2f82c0d270358,
        type: 3}
      propertyPath: m_RootOrder
      value: 9
      objectReference: {fileID: 0}
    - target: {fileID: 5907835823180530032, guid: f249f25275fbe4eacbd2f82c0d270358,
        type: 3}
      propertyPath: m_LocalEulerAnglesHint.x
      value: 0
      objectReference: {fileID: 0}
    - target: {fileID: 5907835823180530032, guid: f249f25275fbe4eacbd2f82c0d270358,
        type: 3}
      propertyPath: m_LocalEulerAnglesHint.y
      value: 0
      objectReference: {fileID: 0}
    - target: {fileID: 5907835823180530032, guid: f249f25275fbe4eacbd2f82c0d270358,
        type: 3}
      propertyPath: m_LocalEulerAnglesHint.z
      value: 0
      objectReference: {fileID: 0}
    - target: {fileID: 5907835823180530038, guid: f249f25275fbe4eacbd2f82c0d270358,
        type: 3}
      propertyPath: m_Name
      value: CursorPivot
      objectReference: {fileID: 0}
    - target: {fileID: 5907835823268969296, guid: f249f25275fbe4eacbd2f82c0d270358,
        type: 3}
      propertyPath: m_LocalPosition.x
      value: 0
      objectReference: {fileID: 0}
    - target: {fileID: 5907835823268969296, guid: f249f25275fbe4eacbd2f82c0d270358,
        type: 3}
      propertyPath: m_LocalPosition.y
      value: 0.5
      objectReference: {fileID: 0}
    - target: {fileID: 5907835823268969296, guid: f249f25275fbe4eacbd2f82c0d270358,
        type: 3}
      propertyPath: m_LocalPosition.z
      value: 0
      objectReference: {fileID: 0}
    m_RemovedComponents: []
  m_SourcePrefab: {fileID: 100100000, guid: f249f25275fbe4eacbd2f82c0d270358, type: 3}
--- !u!1 &399858495 stripped
GameObject:
  m_CorrespondingSourceObject: {fileID: 5907835823180530038, guid: f249f25275fbe4eacbd2f82c0d270358,
    type: 3}
  m_PrefabInstance: {fileID: 399858494}
  m_PrefabAsset: {fileID: 0}
--- !u!114 &399858496
MonoBehaviour:
  m_ObjectHideFlags: 0
  m_CorrespondingSourceObject: {fileID: 0}
  m_PrefabInstance: {fileID: 0}
  m_PrefabAsset: {fileID: 0}
  m_GameObject: {fileID: 399858495}
  m_Enabled: 1
  m_EditorHideFlags: 0
  m_Script: {fileID: 11500000, guid: 719b1b98f5cd64a13a742d033b9ac079, type: 3}
  m_Name: 
  m_EditorClassIdentifier: 
  tileReplenishDelay: 0
  selectionKeySet: 7
  arrowKeySet: 7
  gamePadNumber: 0
  placementEffect: {fileID: 5297338635468961821, guid: dcb42baf572c45c43a493b6e16dbdf2b,
    type: 3}
  tileTray: {fileID: 471253565}
  tickCooldown: 0.3
  numChoices: 3
--- !u!1 &471253565 stripped
GameObject:
  m_CorrespondingSourceObject: {fileID: 3207790293868990588, guid: 7a404a58eaa434f42aa79ffcafad01ac,
    type: 3}
  m_PrefabInstance: {fileID: 1673190391}
  m_PrefabAsset: {fileID: 0}
--- !u!1001 &520336061
PrefabInstance:
  m_ObjectHideFlags: 0
  serializedVersion: 2
  m_Modification:
    m_TransformParent: {fileID: 1364162794}
    m_Modifications:
    - target: {fileID: 281390032256949859, guid: 547f016328baa49318483257d3987df9,
        type: 3}
      propertyPath: m_LocalPosition.x
      value: 0
      objectReference: {fileID: 0}
    - target: {fileID: 281390032256949859, guid: 547f016328baa49318483257d3987df9,
        type: 3}
      propertyPath: m_LocalPosition.y
      value: -0.44236493
      objectReference: {fileID: 0}
    - target: {fileID: 281390032256949859, guid: 547f016328baa49318483257d3987df9,
        type: 3}
      propertyPath: m_LocalPosition.z
      value: -7
      objectReference: {fileID: 0}
    - target: {fileID: 281390032256949859, guid: 547f016328baa49318483257d3987df9,
        type: 3}
      propertyPath: m_LocalRotation.x
      value: -0
      objectReference: {fileID: 0}
    - target: {fileID: 281390032256949859, guid: 547f016328baa49318483257d3987df9,
        type: 3}
      propertyPath: m_LocalRotation.y
      value: -0
      objectReference: {fileID: 0}
    - target: {fileID: 281390032256949859, guid: 547f016328baa49318483257d3987df9,
        type: 3}
      propertyPath: m_LocalRotation.z
      value: -0
      objectReference: {fileID: 0}
    - target: {fileID: 281390032256949859, guid: 547f016328baa49318483257d3987df9,
        type: 3}
      propertyPath: m_LocalRotation.w
      value: 1
      objectReference: {fileID: 0}
    - target: {fileID: 281390032256949859, guid: 547f016328baa49318483257d3987df9,
        type: 3}
      propertyPath: m_RootOrder
      value: 1
      objectReference: {fileID: 0}
    - target: {fileID: 281390032256949859, guid: 547f016328baa49318483257d3987df9,
        type: 3}
      propertyPath: m_LocalEulerAnglesHint.x
      value: 0
      objectReference: {fileID: 0}
    - target: {fileID: 281390032256949859, guid: 547f016328baa49318483257d3987df9,
        type: 3}
      propertyPath: m_LocalEulerAnglesHint.y
      value: 0
      objectReference: {fileID: 0}
    - target: {fileID: 281390032256949859, guid: 547f016328baa49318483257d3987df9,
        type: 3}
      propertyPath: m_LocalEulerAnglesHint.z
      value: 0
      objectReference: {fileID: 0}
    - target: {fileID: 8223377641570048599, guid: 547f016328baa49318483257d3987df9,
        type: 3}
      propertyPath: m_Name
      value: Straight2
      objectReference: {fileID: 0}
    m_RemovedComponents: []
  m_SourcePrefab: {fileID: 100100000, guid: 547f016328baa49318483257d3987df9, type: 3}
--- !u!4 &520336062 stripped
Transform:
  m_CorrespondingSourceObject: {fileID: 281390032256949859, guid: 547f016328baa49318483257d3987df9,
    type: 3}
  m_PrefabInstance: {fileID: 520336061}
  m_PrefabAsset: {fileID: 0}
--- !u!1001 &625614215
PrefabInstance:
  m_ObjectHideFlags: 0
  serializedVersion: 2
  m_Modification:
    m_TransformParent: {fileID: 0}
    m_Modifications:
    - target: {fileID: 3580875898049466112, guid: f95a70ce0689b7642b0486810d6e6c41,
        type: 3}
      propertyPath: m_Name
      value: RedBot2
      objectReference: {fileID: 0}
    - target: {fileID: 3580875898049466113, guid: f95a70ce0689b7642b0486810d6e6c41,
        type: 3}
      propertyPath: currentDir.y
      value: -1
      objectReference: {fileID: 0}
    - target: {fileID: 3580875898049466114, guid: f95a70ce0689b7642b0486810d6e6c41,
        type: 3}
      propertyPath: m_LocalPosition.x
      value: 7
      objectReference: {fileID: 0}
    - target: {fileID: 3580875898049466114, guid: f95a70ce0689b7642b0486810d6e6c41,
        type: 3}
      propertyPath: m_LocalPosition.y
      value: 0
      objectReference: {fileID: 0}
    - target: {fileID: 3580875898049466114, guid: f95a70ce0689b7642b0486810d6e6c41,
        type: 3}
      propertyPath: m_LocalPosition.z
      value: 7
      objectReference: {fileID: 0}
    - target: {fileID: 3580875898049466114, guid: f95a70ce0689b7642b0486810d6e6c41,
        type: 3}
      propertyPath: m_LocalRotation.x
      value: 0
      objectReference: {fileID: 0}
    - target: {fileID: 3580875898049466114, guid: f95a70ce0689b7642b0486810d6e6c41,
        type: 3}
      propertyPath: m_LocalRotation.y
      value: 1
      objectReference: {fileID: 0}
    - target: {fileID: 3580875898049466114, guid: f95a70ce0689b7642b0486810d6e6c41,
        type: 3}
      propertyPath: m_LocalRotation.z
      value: 0
      objectReference: {fileID: 0}
    - target: {fileID: 3580875898049466114, guid: f95a70ce0689b7642b0486810d6e6c41,
        type: 3}
      propertyPath: m_LocalRotation.w
      value: 0
      objectReference: {fileID: 0}
    - target: {fileID: 3580875898049466114, guid: f95a70ce0689b7642b0486810d6e6c41,
        type: 3}
      propertyPath: m_RootOrder
      value: 6
      objectReference: {fileID: 0}
    - target: {fileID: 3580875898049466114, guid: f95a70ce0689b7642b0486810d6e6c41,
        type: 3}
      propertyPath: m_LocalEulerAnglesHint.x
      value: 0
      objectReference: {fileID: 0}
    - target: {fileID: 3580875898049466114, guid: f95a70ce0689b7642b0486810d6e6c41,
        type: 3}
      propertyPath: m_LocalEulerAnglesHint.y
      value: 180
      objectReference: {fileID: 0}
    - target: {fileID: 3580875898049466114, guid: f95a70ce0689b7642b0486810d6e6c41,
        type: 3}
      propertyPath: m_LocalEulerAnglesHint.z
      value: 0
      objectReference: {fileID: 0}
    m_RemovedComponents: []
  m_SourcePrefab: {fileID: 100100000, guid: f95a70ce0689b7642b0486810d6e6c41, type: 3}
--- !u!1001 &959529582
PrefabInstance:
  m_ObjectHideFlags: 0
  serializedVersion: 2
  m_Modification:
    m_TransformParent: {fileID: 1364162794}
    m_Modifications:
    - target: {fileID: 281390032256949859, guid: 547f016328baa49318483257d3987df9,
        type: 3}
      propertyPath: m_LocalPosition.x
      value: 0
      objectReference: {fileID: 0}
    - target: {fileID: 281390032256949859, guid: 547f016328baa49318483257d3987df9,
        type: 3}
      propertyPath: m_LocalPosition.y
      value: -0.44236493
      objectReference: {fileID: 0}
    - target: {fileID: 281390032256949859, guid: 547f016328baa49318483257d3987df9,
        type: 3}
      propertyPath: m_LocalPosition.z
      value: 0
      objectReference: {fileID: 0}
    - target: {fileID: 281390032256949859, guid: 547f016328baa49318483257d3987df9,
        type: 3}
      propertyPath: m_LocalRotation.x
      value: -0
      objectReference: {fileID: 0}
    - target: {fileID: 281390032256949859, guid: 547f016328baa49318483257d3987df9,
        type: 3}
      propertyPath: m_LocalRotation.y
      value: -0
      objectReference: {fileID: 0}
    - target: {fileID: 281390032256949859, guid: 547f016328baa49318483257d3987df9,
        type: 3}
      propertyPath: m_LocalRotation.z
      value: -0
      objectReference: {fileID: 0}
    - target: {fileID: 281390032256949859, guid: 547f016328baa49318483257d3987df9,
        type: 3}
      propertyPath: m_LocalRotation.w
      value: 1
      objectReference: {fileID: 0}
    - target: {fileID: 281390032256949859, guid: 547f016328baa49318483257d3987df9,
        type: 3}
      propertyPath: m_RootOrder
      value: 0
      objectReference: {fileID: 0}
    - target: {fileID: 281390032256949859, guid: 547f016328baa49318483257d3987df9,
        type: 3}
      propertyPath: m_LocalEulerAnglesHint.x
      value: 0
      objectReference: {fileID: 0}
    - target: {fileID: 281390032256949859, guid: 547f016328baa49318483257d3987df9,
        type: 3}
      propertyPath: m_LocalEulerAnglesHint.y
      value: 0
      objectReference: {fileID: 0}
    - target: {fileID: 281390032256949859, guid: 547f016328baa49318483257d3987df9,
        type: 3}
      propertyPath: m_LocalEulerAnglesHint.z
      value: 0
      objectReference: {fileID: 0}
    - target: {fileID: 8223377641570048599, guid: 547f016328baa49318483257d3987df9,
        type: 3}
      propertyPath: m_Name
      value: Straight2 (3)
      objectReference: {fileID: 0}
    m_RemovedComponents: []
  m_SourcePrefab: {fileID: 100100000, guid: 547f016328baa49318483257d3987df9, type: 3}
--- !u!4 &959529583 stripped
Transform:
  m_CorrespondingSourceObject: {fileID: 281390032256949859, guid: 547f016328baa49318483257d3987df9,
    type: 3}
  m_PrefabInstance: {fileID: 959529582}
  m_PrefabAsset: {fileID: 0}
--- !u!1 &984418169
GameObject:
  m_ObjectHideFlags: 0
  m_CorrespondingSourceObject: {fileID: 0}
  m_PrefabInstance: {fileID: 0}
  m_PrefabAsset: {fileID: 0}
  serializedVersion: 6
  m_Component:
  - component: {fileID: 984418172}
  - component: {fileID: 984418171}
  - component: {fileID: 984418170}
  m_Layer: 0
  m_Name: Main Camera
  m_TagString: MainCamera
  m_Icon: {fileID: 0}
  m_NavMeshLayer: 0
  m_StaticEditorFlags: 0
  m_IsActive: 1
--- !u!81 &984418170
AudioListener:
  m_ObjectHideFlags: 0
  m_CorrespondingSourceObject: {fileID: 0}
  m_PrefabInstance: {fileID: 0}
  m_PrefabAsset: {fileID: 0}
  m_GameObject: {fileID: 984418169}
  m_Enabled: 1
--- !u!20 &984418171
Camera:
  m_ObjectHideFlags: 0
  m_CorrespondingSourceObject: {fileID: 0}
  m_PrefabInstance: {fileID: 0}
  m_PrefabAsset: {fileID: 0}
  m_GameObject: {fileID: 984418169}
  m_Enabled: 1
  serializedVersion: 2
  m_ClearFlags: 1
  m_BackGroundColor: {r: 0.19215687, g: 0.3019608, b: 0.4745098, a: 0}
  m_projectionMatrixMode: 1
  m_SensorSize: {x: 36, y: 24}
  m_LensShift: {x: 0, y: 0}
  m_GateFitMode: 2
  m_FocalLength: 50
  m_NormalizedViewPortRect:
    serializedVersion: 2
    x: 0
    y: 0
    width: 1
    height: 1
  near clip plane: 0.3
  far clip plane: 1000
  field of view: 38
  orthographic: 0
  orthographic size: 5
  m_Depth: -1
  m_CullingMask:
    serializedVersion: 2
    m_Bits: 4294967295
  m_RenderingPath: -1
  m_TargetTexture: {fileID: 0}
  m_TargetDisplay: 0
  m_TargetEye: 3
  m_HDR: 1
  m_AllowMSAA: 1
  m_AllowDynamicResolution: 0
  m_ForceIntoRT: 0
  m_OcclusionCulling: 1
  m_StereoConvergence: 10
  m_StereoSeparation: 0.022
--- !u!4 &984418172
Transform:
  m_ObjectHideFlags: 0
  m_CorrespondingSourceObject: {fileID: 0}
  m_PrefabInstance: {fileID: 0}
  m_PrefabAsset: {fileID: 0}
  m_GameObject: {fileID: 984418169}
  m_LocalRotation: {x: 0.37460655, y: 0, z: 0, w: 0.9271839}
  m_LocalPosition: {x: 3.5, y: 8, z: -4.7}
  m_LocalScale: {x: 1, y: 1, z: 1}
  m_Children: []
  m_Father: {fileID: 0}
  m_RootOrder: 0
  m_LocalEulerAnglesHint: {x: 44, y: 0, z: 0}
--- !u!1001 &1280085685
PrefabInstance:
  m_ObjectHideFlags: 0
  serializedVersion: 2
  m_Modification:
    m_TransformParent: {fileID: 1364162794}
    m_Modifications:
    - target: {fileID: 281390032256949859, guid: 547f016328baa49318483257d3987df9,
        type: 3}
      propertyPath: m_LocalPosition.x
      value: 7
      objectReference: {fileID: 0}
    - target: {fileID: 281390032256949859, guid: 547f016328baa49318483257d3987df9,
        type: 3}
      propertyPath: m_LocalPosition.y
      value: -0.44236493
      objectReference: {fileID: 0}
    - target: {fileID: 281390032256949859, guid: 547f016328baa49318483257d3987df9,
        type: 3}
      propertyPath: m_LocalPosition.z
      value: -7
      objectReference: {fileID: 0}
    - target: {fileID: 281390032256949859, guid: 547f016328baa49318483257d3987df9,
        type: 3}
      propertyPath: m_LocalRotation.x
      value: -0
      objectReference: {fileID: 0}
    - target: {fileID: 281390032256949859, guid: 547f016328baa49318483257d3987df9,
        type: 3}
      propertyPath: m_LocalRotation.y
      value: -0
      objectReference: {fileID: 0}
    - target: {fileID: 281390032256949859, guid: 547f016328baa49318483257d3987df9,
        type: 3}
      propertyPath: m_LocalRotation.z
      value: -0
      objectReference: {fileID: 0}
    - target: {fileID: 281390032256949859, guid: 547f016328baa49318483257d3987df9,
        type: 3}
      propertyPath: m_LocalRotation.w
      value: 1
      objectReference: {fileID: 0}
    - target: {fileID: 281390032256949859, guid: 547f016328baa49318483257d3987df9,
        type: 3}
      propertyPath: m_RootOrder
      value: 3
      objectReference: {fileID: 0}
    - target: {fileID: 281390032256949859, guid: 547f016328baa49318483257d3987df9,
        type: 3}
      propertyPath: m_LocalEulerAnglesHint.x
      value: 0
      objectReference: {fileID: 0}
    - target: {fileID: 281390032256949859, guid: 547f016328baa49318483257d3987df9,
        type: 3}
      propertyPath: m_LocalEulerAnglesHint.y
      value: 0
      objectReference: {fileID: 0}
    - target: {fileID: 281390032256949859, guid: 547f016328baa49318483257d3987df9,
        type: 3}
      propertyPath: m_LocalEulerAnglesHint.z
      value: 0
      objectReference: {fileID: 0}
    - target: {fileID: 8223377641570048599, guid: 547f016328baa49318483257d3987df9,
        type: 3}
      propertyPath: m_Name
      value: Straight2 (5)
      objectReference: {fileID: 0}
    m_RemovedComponents: []
  m_SourcePrefab: {fileID: 100100000, guid: 547f016328baa49318483257d3987df9, type: 3}
--- !u!4 &1280085686 stripped
Transform:
  m_CorrespondingSourceObject: {fileID: 281390032256949859, guid: 547f016328baa49318483257d3987df9,
    type: 3}
  m_PrefabInstance: {fileID: 1280085685}
  m_PrefabAsset: {fileID: 0}
--- !u!1 &1364162793
GameObject:
  m_ObjectHideFlags: 0
  m_CorrespondingSourceObject: {fileID: 0}
  m_PrefabInstance: {fileID: 0}
  m_PrefabAsset: {fileID: 0}
  serializedVersion: 6
  m_Component:
  - component: {fileID: 1364162794}
  m_Layer: 0
  m_Name: TileGrid
  m_TagString: TileGrid
  m_Icon: {fileID: 0}
  m_NavMeshLayer: 0
  m_StaticEditorFlags: 0
  m_IsActive: 1
--- !u!4 &1364162794
Transform:
  m_ObjectHideFlags: 0
  m_CorrespondingSourceObject: {fileID: 0}
  m_PrefabInstance: {fileID: 0}
  m_PrefabAsset: {fileID: 0}
  m_GameObject: {fileID: 1364162793}
  m_LocalRotation: {x: 0, y: 0, z: 0, w: 1}
  m_LocalPosition: {x: -0.000000014901161, y: 0.49236494, z: 7}
  m_LocalScale: {x: 1, y: 1, z: 1}
  m_Children:
  - {fileID: 959529583}
  - {fileID: 520336062}
  - {fileID: 87376115}
  - {fileID: 1280085686}
  m_Father: {fileID: 0}
  m_RootOrder: 12
  m_LocalEulerAnglesHint: {x: 0, y: 0, z: 0}
--- !u!1001 &1530880559
PrefabInstance:
  m_ObjectHideFlags: 0
  serializedVersion: 2
  m_Modification:
    m_TransformParent: {fileID: 0}
    m_Modifications:
    - target: {fileID: 2544072985685971171, guid: 3114e1dfb20b04f73abda2502efbb7f0,
        type: 3}
      propertyPath: m_Name
      value: BackgroundScene
      objectReference: {fileID: 0}
    - target: {fileID: 2544072985686133955, guid: 3114e1dfb20b04f73abda2502efbb7f0,
        type: 3}
      propertyPath: m_LocalPosition.x
      value: 3.4422128
      objectReference: {fileID: 0}
    - target: {fileID: 2544072985686133955, guid: 3114e1dfb20b04f73abda2502efbb7f0,
        type: 3}
      propertyPath: m_LocalPosition.y
      value: 0.05
      objectReference: {fileID: 0}
    - target: {fileID: 2544072985686133955, guid: 3114e1dfb20b04f73abda2502efbb7f0,
        type: 3}
      propertyPath: m_LocalPosition.z
      value: 3.5454364
      objectReference: {fileID: 0}
    - target: {fileID: 2544072985686133955, guid: 3114e1dfb20b04f73abda2502efbb7f0,
        type: 3}
      propertyPath: m_LocalRotation.x
      value: -0.7071068
      objectReference: {fileID: 0}
    - target: {fileID: 2544072985686133955, guid: 3114e1dfb20b04f73abda2502efbb7f0,
        type: 3}
      propertyPath: m_LocalRotation.y
      value: 0
      objectReference: {fileID: 0}
    - target: {fileID: 2544072985686133955, guid: 3114e1dfb20b04f73abda2502efbb7f0,
        type: 3}
      propertyPath: m_LocalRotation.z
      value: -0
      objectReference: {fileID: 0}
    - target: {fileID: 2544072985686133955, guid: 3114e1dfb20b04f73abda2502efbb7f0,
        type: 3}
      propertyPath: m_LocalRotation.w
      value: 0.7071068
      objectReference: {fileID: 0}
    - target: {fileID: 2544072985686133955, guid: 3114e1dfb20b04f73abda2502efbb7f0,
        type: 3}
      propertyPath: m_RootOrder
      value: 11
      objectReference: {fileID: 0}
    - target: {fileID: 2544072985686133955, guid: 3114e1dfb20b04f73abda2502efbb7f0,
        type: 3}
      propertyPath: m_LocalEulerAnglesHint.x
      value: 0
      objectReference: {fileID: 0}
    - target: {fileID: 2544072985686133955, guid: 3114e1dfb20b04f73abda2502efbb7f0,
        type: 3}
      propertyPath: m_LocalEulerAnglesHint.y
      value: 0
      objectReference: {fileID: 0}
    - target: {fileID: 2544072985686133955, guid: 3114e1dfb20b04f73abda2502efbb7f0,
        type: 3}
      propertyPath: m_LocalEulerAnglesHint.z
      value: 0
      objectReference: {fileID: 0}
    m_RemovedComponents: []
  m_SourcePrefab: {fileID: 100100000, guid: 3114e1dfb20b04f73abda2502efbb7f0, type: 3}
--- !u!1 &1544878891 stripped
GameObject:
  m_CorrespondingSourceObject: {fileID: 5073930431891305732, guid: b0fe5aa7652414dd9880b02823a128ce,
    type: 3}
  m_PrefabInstance: {fileID: 352279838}
  m_PrefabAsset: {fileID: 0}
--- !u!114 &1544878892
MonoBehaviour:
  m_ObjectHideFlags: 0
  m_CorrespondingSourceObject: {fileID: 0}
  m_PrefabInstance: {fileID: 0}
  m_PrefabAsset: {fileID: 0}
  m_GameObject: {fileID: 1544878891}
  m_Enabled: 1
  m_EditorHideFlags: 0
  m_Script: {fileID: 11500000, guid: 3490a35bc53f372479db6b84a1003b1f, type: 3}
  m_Name: 
  m_EditorClassIdentifier: 
  WinSound: {fileID: 8300000, guid: 498e4beb01bb9304d8ca87d9985b70c0, type: 3}
  LoseSound: {fileID: 8300000, guid: 2e48b9515d04b524eadfecf595e16121, type: 3}
  crashEffect: {fileID: 4217815991837519234, guid: b8045a92ee3b3a74f8f9e5d09917f1d5,
    type: 3}
--- !u!1001 &1673190391
PrefabInstance:
  m_ObjectHideFlags: 0
  serializedVersion: 2
  m_Modification:
    m_TransformParent: {fileID: 0}
    m_Modifications:
    - target: {fileID: 3207790293868990588, guid: 7a404a58eaa434f42aa79ffcafad01ac,
        type: 3}
      propertyPath: m_Name
      value: TileTray
      objectReference: {fileID: 0}
    - target: {fileID: 3207790293869284444, guid: 7a404a58eaa434f42aa79ffcafad01ac,
        type: 3}
      propertyPath: m_LocalPosition.x
      value: 0.48
      objectReference: {fileID: 0}
    - target: {fileID: 3207790293869284444, guid: 7a404a58eaa434f42aa79ffcafad01ac,
        type: 3}
      propertyPath: m_LocalPosition.y
      value: 0.05
      objectReference: {fileID: 0}
    - target: {fileID: 3207790293869284444, guid: 7a404a58eaa434f42aa79ffcafad01ac,
        type: 3}
      propertyPath: m_LocalPosition.z
      value: 8.46
      objectReference: {fileID: 0}
    - target: {fileID: 3207790293869284444, guid: 7a404a58eaa434f42aa79ffcafad01ac,
        type: 3}
      propertyPath: m_LocalRotation.x
      value: 0.000000015454312
      objectReference: {fileID: 0}
    - target: {fileID: 3207790293869284444, guid: 7a404a58eaa434f42aa79ffcafad01ac,
        type: 3}
      propertyPath: m_LocalRotation.y
      value: -0.7071067
      objectReference: {fileID: 0}
    - target: {fileID: 3207790293869284444, guid: 7a404a58eaa434f42aa79ffcafad01ac,
        type: 3}
      propertyPath: m_LocalRotation.z
      value: 0.000000015454308
      objectReference: {fileID: 0}
    - target: {fileID: 3207790293869284444, guid: 7a404a58eaa434f42aa79ffcafad01ac,
        type: 3}
      propertyPath: m_LocalRotation.w
      value: 0.7071068
      objectReference: {fileID: 0}
    - target: {fileID: 3207790293869284444, guid: 7a404a58eaa434f42aa79ffcafad01ac,
        type: 3}
      propertyPath: m_RootOrder
      value: 10
      objectReference: {fileID: 0}
    - target: {fileID: 3207790293869284444, guid: 7a404a58eaa434f42aa79ffcafad01ac,
        type: 3}
      propertyPath: m_LocalEulerAnglesHint.x
      value: 0
      objectReference: {fileID: 0}
    - target: {fileID: 3207790293869284444, guid: 7a404a58eaa434f42aa79ffcafad01ac,
        type: 3}
      propertyPath: m_LocalEulerAnglesHint.y
      value: 0
      objectReference: {fileID: 0}
    - target: {fileID: 3207790293869284444, guid: 7a404a58eaa434f42aa79ffcafad01ac,
        type: 3}
      propertyPath: m_LocalEulerAnglesHint.z
      value: 0
      objectReference: {fileID: 0}
    m_RemovedComponents: []
  m_SourcePrefab: {fileID: 100100000, guid: 7a404a58eaa434f42aa79ffcafad01ac, type: 3}
--- !u!1001 &1927057052
PrefabInstance:
  m_ObjectHideFlags: 0
  serializedVersion: 2
  m_Modification:
    m_TransformParent: {fileID: 0}
    m_Modifications:
    - target: {fileID: 3437331326525839445, guid: 467131358f0b4c342a056d855e7aedfc,
        type: 3}
      propertyPath: m_LocalPosition.x
      value: 0
      objectReference: {fileID: 0}
    - target: {fileID: 3437331326525839445, guid: 467131358f0b4c342a056d855e7aedfc,
        type: 3}
      propertyPath: m_LocalPosition.y
      value: 0.05
      objectReference: {fileID: 0}
    - target: {fileID: 3437331326525839445, guid: 467131358f0b4c342a056d855e7aedfc,
        type: 3}
      propertyPath: m_LocalPosition.z
      value: 7
      objectReference: {fileID: 0}
    - target: {fileID: 3437331326525839445, guid: 467131358f0b4c342a056d855e7aedfc,
        type: 3}
      propertyPath: m_LocalRotation.x
      value: 0
      objectReference: {fileID: 0}
    - target: {fileID: 3437331326525839445, guid: 467131358f0b4c342a056d855e7aedfc,
        type: 3}
      propertyPath: m_LocalRotation.y
      value: 1
      objectReference: {fileID: 0}
    - target: {fileID: 3437331326525839445, guid: 467131358f0b4c342a056d855e7aedfc,
        type: 3}
      propertyPath: m_LocalRotation.z
      value: 0
      objectReference: {fileID: 0}
    - target: {fileID: 3437331326525839445, guid: 467131358f0b4c342a056d855e7aedfc,
        type: 3}
      propertyPath: m_LocalRotation.w
      value: 0
      objectReference: {fileID: 0}
    - target: {fileID: 3437331326525839445, guid: 467131358f0b4c342a056d855e7aedfc,
        type: 3}
      propertyPath: m_RootOrder
      value: 7
      objectReference: {fileID: 0}
    - target: {fileID: 3437331326525839445, guid: 467131358f0b4c342a056d855e7aedfc,
        type: 3}
      propertyPath: m_LocalEulerAnglesHint.x
      value: 0
      objectReference: {fileID: 0}
    - target: {fileID: 3437331326525839445, guid: 467131358f0b4c342a056d855e7aedfc,
        type: 3}
      propertyPath: m_LocalEulerAnglesHint.y
      value: 180
      objectReference: {fileID: 0}
    - target: {fileID: 3437331326525839445, guid: 467131358f0b4c342a056d855e7aedfc,
        type: 3}
      propertyPath: m_LocalEulerAnglesHint.z
      value: 0
      objectReference: {fileID: 0}
    - target: {fileID: 3437331326525839446, guid: 467131358f0b4c342a056d855e7aedfc,
        type: 3}
      propertyPath: currentDir.y
      value: -1
      objectReference: {fileID: 0}
    - target: {fileID: 3437331326525839447, guid: 467131358f0b4c342a056d855e7aedfc,
        type: 3}
      propertyPath: m_Name
      value: PurpleBot1
      objectReference: {fileID: 0}
    m_RemovedComponents: []
  m_SourcePrefab: {fileID: 100100000, guid: 467131358f0b4c342a056d855e7aedfc, type: 3}
--- !u!1001 &1975218608
PrefabInstance:
  m_ObjectHideFlags: 0
  serializedVersion: 2
  m_Modification:
    m_TransformParent: {fileID: 0}
    m_Modifications:
    - target: {fileID: 3437331326525839445, guid: 467131358f0b4c342a056d855e7aedfc,
        type: 3}
      propertyPath: m_LocalPosition.x
      value: 7
      objectReference: {fileID: 0}
    - target: {fileID: 3437331326525839445, guid: 467131358f0b4c342a056d855e7aedfc,
        type: 3}
      propertyPath: m_LocalPosition.y
      value: 0.05
      objectReference: {fileID: 0}
    - target: {fileID: 3437331326525839445, guid: 467131358f0b4c342a056d855e7aedfc,
        type: 3}
      propertyPath: m_LocalPosition.z
      value: 0
      objectReference: {fileID: 0}
    - target: {fileID: 3437331326525839445, guid: 467131358f0b4c342a056d855e7aedfc,
        type: 3}
      propertyPath: m_LocalRotation.x
      value: 0
      objectReference: {fileID: 0}
    - target: {fileID: 3437331326525839445, guid: 467131358f0b4c342a056d855e7aedfc,
        type: 3}
      propertyPath: m_LocalRotation.y
      value: 0
      objectReference: {fileID: 0}
    - target: {fileID: 3437331326525839445, guid: 467131358f0b4c342a056d855e7aedfc,
        type: 3}
      propertyPath: m_LocalRotation.z
      value: 0
      objectReference: {fileID: 0}
    - target: {fileID: 3437331326525839445, guid: 467131358f0b4c342a056d855e7aedfc,
        type: 3}
      propertyPath: m_LocalRotation.w
      value: 1
      objectReference: {fileID: 0}
    - target: {fileID: 3437331326525839445, guid: 467131358f0b4c342a056d855e7aedfc,
        type: 3}
      propertyPath: m_RootOrder
      value: 8
      objectReference: {fileID: 0}
    - target: {fileID: 3437331326525839445, guid: 467131358f0b4c342a056d855e7aedfc,
        type: 3}
      propertyPath: m_LocalEulerAnglesHint.x
      value: 0
      objectReference: {fileID: 0}
    - target: {fileID: 3437331326525839445, guid: 467131358f0b4c342a056d855e7aedfc,
        type: 3}
      propertyPath: m_LocalEulerAnglesHint.y
      value: 0
      objectReference: {fileID: 0}
    - target: {fileID: 3437331326525839445, guid: 467131358f0b4c342a056d855e7aedfc,
        type: 3}
      propertyPath: m_LocalEulerAnglesHint.z
      value: 0
      objectReference: {fileID: 0}
    - target: {fileID: 3437331326525839446, guid: 467131358f0b4c342a056d855e7aedfc,
        type: 3}
      propertyPath: currentDir.y
      value: 1
      objectReference: {fileID: 0}
    - target: {fileID: 3437331326525839447, guid: 467131358f0b4c342a056d855e7aedfc,
        type: 3}
      propertyPath: m_Name
      value: PurpleBot2
      objectReference: {fileID: 0}
    m_RemovedComponents: []
  m_SourcePrefab: {fileID: 100100000, guid: 467131358f0b4c342a056d855e7aedfc, type: 3}
--- !u!1001 &3580875897426460584
PrefabInstance:
  m_ObjectHideFlags: 0
  serializedVersion: 2
  m_Modification:
    m_TransformParent: {fileID: 0}
    m_Modifications:
    - target: {fileID: 3580875898049466112, guid: f95a70ce0689b7642b0486810d6e6c41,
        type: 3}
      propertyPath: m_Name
      value: RedBot1
      objectReference: {fileID: 0}
    - target: {fileID: 3580875898049466114, guid: f95a70ce0689b7642b0486810d6e6c41,
        type: 3}
      propertyPath: m_LocalPosition.x
      value: 0
      objectReference: {fileID: 0}
    - target: {fileID: 3580875898049466114, guid: f95a70ce0689b7642b0486810d6e6c41,
        type: 3}
      propertyPath: m_LocalPosition.y
      value: 0
      objectReference: {fileID: 0}
    - target: {fileID: 3580875898049466114, guid: f95a70ce0689b7642b0486810d6e6c41,
        type: 3}
      propertyPath: m_LocalPosition.z
      value: 0
      objectReference: {fileID: 0}
    - target: {fileID: 3580875898049466114, guid: f95a70ce0689b7642b0486810d6e6c41,
        type: 3}
      propertyPath: m_LocalRotation.x
      value: 0
      objectReference: {fileID: 0}
    - target: {fileID: 3580875898049466114, guid: f95a70ce0689b7642b0486810d6e6c41,
        type: 3}
      propertyPath: m_LocalRotation.y
      value: 0
      objectReference: {fileID: 0}
    - target: {fileID: 3580875898049466114, guid: f95a70ce0689b7642b0486810d6e6c41,
        type: 3}
      propertyPath: m_LocalRotation.z
      value: 0
      objectReference: {fileID: 0}
    - target: {fileID: 3580875898049466114, guid: f95a70ce0689b7642b0486810d6e6c41,
        type: 3}
      propertyPath: m_LocalRotation.w
      value: 1
      objectReference: {fileID: 0}
    - target: {fileID: 3580875898049466114, guid: f95a70ce0689b7642b0486810d6e6c41,
        type: 3}
      propertyPath: m_RootOrder
      value: 5
      objectReference: {fileID: 0}
    - target: {fileID: 3580875898049466114, guid: f95a70ce0689b7642b0486810d6e6c41,
        type: 3}
      propertyPath: m_LocalEulerAnglesHint.x
      value: 0
      objectReference: {fileID: 0}
    - target: {fileID: 3580875898049466114, guid: f95a70ce0689b7642b0486810d6e6c41,
        type: 3}
      propertyPath: m_LocalEulerAnglesHint.y
      value: 0
      objectReference: {fileID: 0}
    - target: {fileID: 3580875898049466114, guid: f95a70ce0689b7642b0486810d6e6c41,
        type: 3}
      propertyPath: m_LocalEulerAnglesHint.z
      value: 0
      objectReference: {fileID: 0}
    m_RemovedComponents: []
  m_SourcePrefab: {fileID: 100100000, guid: f95a70ce0689b7642b0486810d6e6c41, type: 3}
